<record xmlns="http://www.loc.gov/MARC21/slim" xmlns:xsi="http://www.w3.org/2001/XMLSchema-instance" xsi:schemaLocation="http://www.loc.gov/MARC21/slim http://www.loc.gov/standards/marcxml/schema/MARC21slim.xsd"><leader>     nam a22        4500</leader><controlfield tag="001">3071220</controlfield><controlfield tag="003">NNC</controlfield><controlfield tag="006">m        d        </controlfield><controlfield tag="007">cr cn |||m|||a</controlfield><controlfield tag="008">150313s1953    ua      o     000 0 ara d</controlfield><datafield ind1=" " ind2=" " tag="040"><subfield code="a">NNU</subfield><subfield code="b">eng</subfield><subfield code="e">rda</subfield><subfield code="c">NNU</subfield></datafield><datafield ind1=" " ind2="4" tag="050"><subfield code="a">B751.Z7</subfield><subfield code="b">J5</subfield></datafield><datafield ind1="0" ind2=" " tag="092"><subfield code="a">181.7</subfield><subfield code="2">21</subfield></datafield><datafield ind1="1" ind2=" " tag="100"><subfield code="6">880-01</subfield><subfield code="a">Ji&#772;la&#772;ni&#772;, &#699;Ali&#772; ibn Fad&#803;l Alla&#772;h,</subfield><subfield code="d">active 17th century.</subfield></datafield><datafield ind1="1" ind2="0" tag="245"><subfield code="6">880-02</subfield><subfield code="a">Tawfi&#772;q al-tat&#803;bi&#772;q fi&#772; ithba&#772;t anna al-Shaykh al-Ra&#700;i&#772;s min al-ima&#772;mi&#772;yah al-ithna&#772; &#699;ashari&#772;yah /</subfield><subfield code="c">Li-&#699;Ali&#772; ibn Fad&#803;l Alla&#772;h al-Jila&#772;ni&#772;. Taqdi&#772;m wa-tah&#803;qi&#772;q wa&#699;ta&#699;li&#772;q Muh&#803;ammad Mus&#803;t&#803;afa&#769; H&#803;ilmi&#772;.</subfield></datafield><datafield ind1=" " ind2=" " tag="250"><subfield code="6">880-03</subfield><subfield code="a">al-T&#803;ab&#699;ah 1.</subfield></datafield><datafield ind1=" " ind2=" " tag="260"><subfield code="6">880-04</subfield><subfield code="a">[al-Qa&#772;hirah] :</subfield><subfield code="b">&#699;Isa&#769; al-Ba&#772;bi&#772; al-H&#803;alabi&#772;,</subfield><subfield code="c">1953.</subfield></datafield><datafield ind1=" " ind2=" " tag="300"><subfield code="a">online resource (31, 244 pages)</subfield></datafield><datafield ind1=" " ind2=" " tag="336"><subfield code="a">text</subfield><subfield code="2">rdacontent</subfield></datafield><datafield ind1=" " ind2=" " tag="337"><subfield code="a">computer</subfield><subfield code="2">rdamedia</subfield></datafield><datafield ind1=" " ind2=" " tag="338"><subfield code="a">online resource</subfield><subfield code="2">rdacarrier</subfield></datafield><datafield ind1=" " ind2=" " tag="500"><subfield code="a">Part of the Arabic Collections Online (ACO) project, contributed by Columbia University Libraries.</subfield></datafield><datafield ind1=" " ind2=" " tag="533"><subfield code="a">Electronic reproduction.</subfield><subfield code="b">New York, N.Y. :</subfield><subfield code="c">New York University,</subfield><subfield code="d">2015.</subfield><subfield code="5">NNU</subfield></datafield><datafield ind1="1" ind2="7" tag="600"><subfield code="a">Ibn Si&#772;na&#772;, al-H&#803;usayn ibn &#699;Abd Alla&#772;h,</subfield><subfield code="d">0980?-1037.</subfield><subfield code="2">ram</subfield></datafield><datafield ind1="0" ind2="0" tag="600"><subfield code="6">880-05</subfield><subfield code="a">Avicenna,</subfield><subfield code="d">980-1037.</subfield></datafield><datafield ind1="0" ind2="7" tag="600"><subfield code="a">Avicenna,</subfield><subfield code="d">980-1037.</subfield><subfield code="2">fast</subfield><subfield code="0">(OCoLC)fst00048418</subfield></datafield><datafield ind1="1" ind2=" " tag="700"><subfield code="6">880-06</subfield><subfield code="a">H&#803;ilmi&#772;, Muh&#803;ammad Mus&#803;t&#803;afa&#769;</subfield></datafield><datafield ind1="2" ind2=" " tag="710"><subfield code="a">Columbia University.</subfield><subfield code="b">Libraries.</subfield></datafield><datafield ind1="0" ind2=" " tag="730"><subfield code="a">Arabic Collections Online.</subfield></datafield><datafield ind1="0" ind2="8" tag="776"><subfield code="i">Print version:</subfield><subfield code="a">Ji&#772;la&#772;ni&#772;, &#699;Ali&#772; ibn Fad&#803;l Alla&#772;h, active 17th century.</subfield><subfield code="t">Tawfi&#772;q al-tat&#803;bi&#772;q fi&#772; ithba&#772;t anna al-Shaykh al-Ra&#700;i&#772;s min al-ima&#772;mi&#772;yah al-ithna&#772; &#699;ashari&#772;yah</subfield><subfield code="w">(NNC)3071220</subfield><subfield code="w">(OCoLC)20030214</subfield></datafield><datafield ind1="4" ind2="0" tag="856"><subfield code="u">http://hdl.handle.net/2333.1/x95x6d5h</subfield></datafield><datafield ind1="1" ind2=" " tag="880"><subfield code="6">100-01/r</subfield><subfield code="a">&#1580;&#1610;&#1604;&#1575;&#1606;&#1610;&#1548; &#1593;&#1604;&#1610; &#1576;&#1606; &#1601;&#1590;&#1604; &#1575;&#1604;&#1604;&#1607;&#1548;,</subfield><subfield code="d">active 17th century.</subfield></datafield><datafield ind1="1" ind2="0" tag="880"><subfield code="6">245-02/r</subfield><subfield code="a">&#1578;&#1608;&#1601;&#1610;&#1602; &#1575;&#1604;&#1578;&#1591;&#1576;&#1610;&#1602; &#1601;&#1610; &#1573;&#1579;&#1576;&#1575;&#1578; &#1571;&#1606; &#1575;&#1604;&#1588;&#1610;&#1582; &#1575;&#1604;&#1585;&#1571;&#1610;&#1587; &#1605;&#1606; &#1575;&#1604;&#1573;&#1605;&#1575;&#1605;&#1610;&#1577; &#1575;&#1604;&#1573;&#1579;&#1606;&#1575; &#1593;&#1588;&#1585;&#1610;&#1577; /</subfield><subfield code="c">&#1604;&#1593;&#1604;&#1610; &#1576;&#1606; &#1601;&#1590;&#1604; &#1575;&#1604;&#1604;&#1607; &#1575;&#1604;&#1580;&#1604;&#1575;&#1606;&#1610;. &#1578;&#1602;&#1583;&#1610;&#1605; &#1608;&#1578;&#1581;&#1602;&#1610;&#1602; &#1608;&#1593;&#1578;&#1593;&#1604;&#1610;&#1602; &#1605;&#1581;&#1605;&#1583; &#1605;&#1589;&#1591;&#1601;&#1609; &#1581;&#1604;&#1605;&#1610;.</subfield></datafield><datafield ind1=" " ind2=" " tag="880"><subfield code="6">250-03/r</subfield><subfield code="a">&#1575;&#1604;&#1591;&#1576;&#1593;&#1577; 1.</subfield></datafield><datafield ind1=" " ind2=" " tag="880"><subfield code="6">260-04/r</subfield><subfield code="a">[&#1575;&#1604;&#1602;&#1575;&#1607;&#1585;&#1577;] :</subfield><subfield code="b">&#1593;&#1587;&#1609; &#1575;&#1604;&#1576;&#1575;&#1576;&#1610; &#1575;&#1604;&#1581;&#1604;&#1576;&#1610;&#1548;</subfield><subfield code="c">1953.</subfield></datafield><datafield ind1="0" ind2="4" tag="880"><subfield code="6">600-05/r</subfield><subfield code="a">&#1575;&#1576;&#1606; &#1587;&#1610;&#1606;&#1575;.</subfield></datafield><datafield ind1="1" ind2=" " tag="880"><subfield code="6">700-06/r</subfield><subfield code="a">&#1581;&#1604;&#1605;&#1610;&#1548; &#1605;&#1581;&#1605;&#1583; &#1605;&#1589;&#1591;&#1601;&#1609;.</subfield></datafield><datafield ind1=" " ind2=" " tag="959"><subfield code="a">NNU</subfield><subfield code="b">WEB</subfield><subfield code="c">GENI</subfield><subfield code="t">0</subfield><subfield code="m">Electronic access</subfield><subfield code="s">01</subfield></datafield><datafield ind1=" " ind2=" " tag="999"><subfield code="i">NNC_3071220</subfield><subfield code="o">(OCoLC)ocm20030214 </subfield><subfield code="s">columbia_aco000434</subfield></datafield></record>